@article{lovett2012,
  title={Constructive discrepancy minimization by walking on the edges},
  author={Lovett, S. and Meka, R.},
  journal={Arxiv preprint arXiv:1203.5747},
  year={2012}
}
